
@URL{ciae,
    author    = "Centro de Investigación Avanzada en Educación",
    title     = "Misión del Centro de Investigación Avanzada en Educación",
    url       = "http://www.ciae.uchile.cl/?langSite=es&page=view_presentacion",
}
@article{EDMSurv,
    author =       "Alejandro Peña-Ayala",
    title =        "Educational data mining: {A} a survey and a data mining-based analysis of recent works",
    journal =      "{ELSEVIER}",
    year =         "2014",
    keywords =     "Educational Data Mining"
}
@article{EDMSurv2,
    author =       "Kistrof de Witte, Sofie Cabus, Greet Thyssen y Otros",
    title =        "A critical review of the literature on school dropout",
    journal =      "{ELSEVIER}",
    year =         "2013",
    keywords =     "Educational Data Mining"
}
@article{EDMPred,
    author =       "Carlos Márquez-Vera and Alberto Cano and Cristóbal Romero and Sebastián Ventura",
    title =        "Predicting student failure at school using genetic programming and different data mining approaches with high dimensional and imbalaced data",
    journal =      "{Springer}",
    year =         "2012",
    keywords =     "Educational Data Mining"
}
@article{EDMPred2,
    author =       "Carlos Márquez-Vera and Cristóbal Romero and Sebastián Ventura",
    title =        "Predicting School Failure Using Data Mining",
    journal =      "{Autonomous University of Zacatecas}",
    keywords =     "Educational Data Mining"
}
@article{EDMPred3,
    author =       "Ricardo Timarán and Andrés Calderón and Javier Jiménez",
    title =        "Application of Data Mining in the Detection of Student Dropout Patterns",
    keywords =     "Educational Data Mining"
}
@BOOK{barber,
author = {Barber, D.},
title= {{Bayesian Reasoning and Machine Learning}},
publisher = {{Cambridge University Press}},
year = 2012}
@online{mineduc,
    author    = "Centro de Estudios del Ministerio de Educación",
    title     = "{Medición de la deserción escolar en Chile}",
    url       = "http://centroestudios.mineduc.cl/tp_enlaces/portales/tp5996f8b7cm96/uploadImg/File/A15N2_Desercion.pdf",
}
@online{scikit,
    title     = "Machine Learning in Python Package",
    url       = "http://scikit-learn.org/stable/",
}
@online{hadoop,
    title     = "Hadoop Hortonworks Stack",
    url       = "http://hortonworks.com/hadoop/",
}
@online{python,
    title     = "Completely free enterprise-ready Python distribution for large-scale data processing, predictive analytics, and scientific computing",
    url       = "https://store.continuum.io/cshop/anaconda/",
}
@online{mahout,
    title     = "Scalable Machine Learning",
    url       = "https://mahout.apache.org",
}
@online{weka,
    title     = "Data Mining with Open-Source Machine Learning",
    url       = "http://www.cs.waikato.ac.nz/ml/weka/",
}
@online{rproject,
    title     = "The R Project for Statistical Computing",
    url       = "http://www.r-project.org",
}
@online{kdd,
    title     = "Knowledge Discovery in Databases Process",
    url       = "http://www.infovis-wiki.net/index.php?title=Knowledge_Discovery_in_Databases_(KDD)",
}
@article{crisp,
    author =       "Rudiger Wirth and Jochen Hipp",
    title =        "CRISP-DM: Towards a Standard Process Model for Data Mining",
    journal =      "{citeseerx}",
    year =         "2013",
    keywords =     "Data Mining",
    url = "http://citeseerx.ist.psu.edu/viewdoc/download?doi=10.1.1.198.5133&rep=rep1&type=pdf"
}
@online{dr,
    title     = "Delivering Predictive Big Data Analytics at Scale",
    url       = "http://www.vertica.com/hp-vertica-products/hp-vertica-distributed-r/",
}
@online{aml,
    title     = "Azure Machine Learning Services",
    url       = "http://azure.microsoft.com/en-us/services/machine-learning/",
}
@online{crispol,
    title     = "Data Mining Methodology Poll (2002)",
    url       = "http://www.kdnuggets.com/polls/2002/data_mining_methodology.htm",
}
@online{crispol2,
    title     = "Data Mining Methodology Poll (2004)",
    url       = "http://www.kdnuggets.com/polls/2004/data_mining_methodology.htm",
}
@online{crispol3,
    title     = "Data Mining Methodology Poll (2007)",
    url       = "http://www.kdnuggets.com/polls/2007/data_mining_methodology.htm",
}
@article{hsdropout,
    author =       "Anna-Mária Fall and Greg Roberts",
    title =        "High school dropouts: Interactions between social context, self-perceptions, school engagement, and student dropout",
    journal =      "{Journal of Adolescence ELSEVIER}",
    year =         "2012",
    keywords =     "Educational Data Mining"
}
@article{hsdropout2,
    author =       "Bidya Raj Subedi and Mark Howard",
    title =        "Predicting High School Graduation and Dropout for At-Risk Students: A Multilevel Approach to Measure School Effectiveness",
    journal =      "{Advances in Education}",
    year =         "2013",
    keywords =     "Educational Data Mining"
}
@article{hsdropout3,
    author =       "Gerben W. Dekker and Mykola Pechenizkiy and Jan M. Vleeshouwers",
    title =        "Predicting Students Drop Out: A Case Study",
    journal =      "{Eindhoven University of Technology, the Netherlands}",
    year =         "2009",
    keywords =     "Educational Data Mining"
}
@article{tools,
    author =       "Patricio Rodríguez",
    title =        "Prototyping Analityc and Interactive Tools to Support the Design, Development and Evaluation of Policy Making in Education",
    journal =      "{Center for Advanced Research in Education, Universidad de Chile}",
    year =         "2013",
    keywords =     "Artificial Intelligence"
}
@online{simce,
    author    = "{A}gencia de {C}alidad",
    title     = "¿{Q}ué es el {SIMCE}?",
    url       = "http://www.agenciaeducacion.cl/simce/que-es-el-simce/",
}
@online{ciae,
    author    = "{C}entro de {I}investigación {A}vanzada de {E}ducación",
    title     = "{M}isión",
    url       = "http://www.ciae.uchile.cl/?langSite=es&page=view_presentacion",
}
@online{unicef,
    title     = "La importancia de la Educación Universal",
    url       = "http://www.unicef.es/infancia/educacion-para-todos-los-ninos",
}
@online{biobio,
    title     = "Más de 800 escuelas públicas chilenas desaparecieron en los últimos 20 años",
    url       = "http://www.biobiochile.cl/2013/03/30/mas-de-800-escuelas-publicas-chilenas-desaparecieron-en-los-ultimos-20-anos.shtml",
}
@online{noticia,
    title     = "Equipo multidisciplinario de la UAI se adjudica Segundo Concurso IDeA de Ciencia Aplicada FONDEF",
    url       = "http://bit.ly/1BLd2lF",
}
@online{ley,
    title     = "Sobre acceso a la información pública",
    url       = "http://www.leychile.cl/N?i=276363&f=2008-08-20&p=",
}
@online{ine,
    title     = "Estadísticas de Educación, Cultura y Medios de Comunicación",
    url       = "http://www.ine.cl/canales/menu/publicaciones/compendio_estadistico/pdf/2011/1.5educacion_cultura_medios.pdf",
}
@online{misionmineduc,
    title     = "Misión",
    url       = "http://www.mineduc.cl/contenido_int.php?id_contenido=19775&id_portal=1&id_seccion=4191",
}
@online{junaeb,
    title     = "Quienes Somos",
    url       = "http://www.junaeb.cl/quienes-somos",
}
@online{centroestudios,
    title     = "Quienes Somos",
    url       = "http://centroestudios.mineduc.cl/index.php?t=96&i=2&cc=2022&tm=2",
}
@online{agenciacalidad,
    title     = "Quienes Somos",
    url       = "http://www.agenciaeducacion.cl/nosotros/quienes-somos/",
}
@online{serieevidencias,
    author    = "Centro de Estudios Mineduc",
    title     = "Serie Evidencias",
    url       = "http://centroestudios.mineduc.cl/index.php?t=96&i=2&cc=2158&tm=2",
}
@online{orgmineduc,
    author    = "Ministerio de Educación de Chile",
    title     = "Facultades, funciones o atribuciones de las unidades u órganos internos",
    url       = "http://www.mineduc.cl/transparencia/facultades_funciones_atribuciones.html2",
}
@online{superint,
    author    = "Superintendencia de Educación",
    title     = "Quienes Somos",
    url       = "http://www.supereduc.cl/nosotros/que-es-la-superintendencia/resena.html",
}
@online{conicyt,
    author    = "Comisión Nacional de Investigación Científica y Tecnológica",
    title     = "¿Qué es CONICYT?",
    url       = "http://www.conicyt.cl/sobre-conicyt/que-es-conicyt/",
}
@online{junji,
    author    = "Junta Nacional de Jardines Infantiles",
    title     = "Quiénes Somos",
    url       = "http://www.junji.cl/Junji/Paginas/Quienes-Somos.aspx",
}
@online{dibam,
    author    = "Dirección de Bibliotecas, Archivos y Museos",
    title     = "Misión y Políticas",
    url       = "http://www.dibam.cl/614/w3-propertyvalue-37905.html",
}
@article{dinamicadesercion,
    author =       "Humberto Santos M",
    title =        "Dinámica de la Deserción Escolar en Chile",
    keywords =     "Deserción Escolar"
}
@article{desercionfactores,
    author =       "Oscar Espinoza-Díaz, Dante Castillo-Guajardo, Luis Eduardo Gonzales, Javier Loyola-Campos, Eduardo Santa Cruz-Grau",
    title =        "Deserción escolar en Chile: un estudio de caso en relación con factores intraescolares",
    keywords =     "Deserción Escolar"
}
@article{cfdec,
    author =       "JUNAEB",
    title =        "Comprendiendo el fenómeno de la deserción escolar en Chile",
    keywords =     "Deserción Escolar"
}
@article{ajaefe,
    author =       "Ministerio de Planificación Nacional y Política Económica",
    title =        "Adolescentes y jóvenes que abandonan sus estudios antes de finalizar la enseñanza media: principales tendencias. ",
    keywords =     "Deserción Escolar"
}
@article{sned,
    author =       "Ministerio de Educación de Chile",
    title =        "Sistema Nacional de Evaluación del Desempeño de los Establecimientos Educacionales Subvencionados y de los Regidos por el Decreto de Ley Nº3166",
    keywords =     "Calidad", "Educación"
}
@online{sac,
    author    = "Agencia de Calidad de la Educación",
    title     = "¿Qué es el SAC?",
    url       = "http://www.agenciaeducacion.cl/coordinacion-sac/que-es-el-sac/",
}
@article{feyp,
    author =       "INJUV, Raczynski",
    title =        "Procesos de deserción en la enseñanza media. Factores expulsores y  protectores. ",
    keywords =     "Deserción Escolar"
}
@article{baeza,
    author =       "Jorge Baeza Correa.",
    title =        "Características de la población juvenil desertora del sistema escolar chileno.",
    keywords =     "Deserción Escolar"
}
@article{familiares,
    author =       "Espinoza, Castillo, González, Loyola.",
    title =        "Factores familiares asociados a la deserción escolar en Chile.",
    keywords =     "Deserción Escolar"
}
@article{intraesco,
    author =       "Espinoza, Castillo, González, Loyola, Santa Cruz.",
    title =        "Deserción escolar en Chile: un estudio de caso con factores intraescolares",
    keywords =     "Deserción Escolar"
}
@article{pisa,
    author =       "FONIDE, López.",
    title =        "El ambiente escolar incide en los resultados PISA 2009: Resultados de un estudio de diseño mixto.",
    keywords =     "Deserción Escolar"
}
@online{injuv,
    title     = "Instituto Nacional de la Juventud, Quiénes Somos",
    url       = "http://www.injuv.gob.cl/portal/quienes-somos/",
}
@article{pare,
    author =       "JUNAEB",
    title =        "Términos de referencia administrativos y técnicos. Programa de Apoyo a la Retención Escolar",
    keywords =     "Retención Escolar"
}
@article{chcct,
    author =       "Ministerio de Desarrollo Social",
    title =        "Programa "Chile crece contigo"",
    keywords =     "Retención Escolar"
}
@article{bare,
    author =       "JUNAEB",
    title =        "Beca de Apoyo a la Retención Escolar",
    keywords =     "Retención Escolar"
    
@article{scikit-learn,
 title={Scikit-learn: Machine Learning in {P}ython},
 author={Pedregosa, F. and Varoquaux, G. and Gramfort, A. and Michel, V.
         and Thirion, B. and Grisel, O. and Blondel, M. and Prettenhofer, P.
         and Weiss, R. and Dubourg, V. and Vanderplas, J. and Passos, A. and
         Cournapeau, D. and Brucher, M. and Perrot, M. and Duchesnay, E.},
 journal={Journal of Machine Learning Research},
 volume={12},
 pages={2825--2830},
 year={2011}
}
@INPROCEEDINGS{Zhang04solvinglarge,
    author = {Tong Zhang},
    title = {Solving Large Scale Linear Prediction Problems Using Stochastic Gradient Descent Algorithms},
    booktitle = {ICML 2004: PROCEEDINGS OF THE TWENTY-FIRST INTERNATIONAL CONFERENCE ON MACHINE LEARNING. OMNIPRESS},
    year = {2004},
    pages = {919--926},
    publisher = {}
}
@ARTICLE{Crammer06onlinepassive-aggressive,
    author = {Koby Crammer and Ofer Dekel and Joseph Keshet and Shai Shalev-Shwartz and Yoram Singer},
    title = { Online Passive-Aggressive Algorithms},
    journal = {JOURNAL OF MACHINE LEARNING RESEARCH},
    year = {2006},
    volume = {7},
    pages = {551--585}
}
@article{Fawcett2006861,
title = "An introduction to \{ROC\} analysis ",
journal = "Pattern Recognition Letters ",
volume = "27",
number = "8",
pages = "861 - 874",
year = "2006",
note = "\{ROC\} Analysis in Pattern Recognition ",
issn = "0167-8655",
doi = "http://dx.doi.org/10.1016/j.patrec.2005.10.010",
url = "http://www.sciencedirect.com/science/article/pii/S016786550500303X",
author = "Tom Fawcett",
keywords = "\{ROC\} analysis",
keywords = "Classifier evaluation",
keywords = "Evaluation metrics ",
abstract = "Receiver operating characteristics (ROC) graphs are useful for organizing classifiers and visualizing their performance. \{ROC\} graphs are commonly used in medical decision making, and in recent years have been used increasingly in machine learning and data mining research. Although \{ROC\} graphs are apparently simple, there are some common misconceptions and pitfalls when using them in practice. The purpose of this article is to serve as an introduction to \{ROC\} graphs and as a guide for using them in research. "
}

@ARTICLE{Chawla02smote:synthetic,
    author = {Nitesh V. Chawla and Kevin W. Bowyer and Lawrence O. Hall and W. Philip Kegelmeyer},
    title = {SMOTE: Synthetic Minority Over-sampling Technique},
    journal = {Journal of Artificial Intelligence Research},
    year = {2002},
    volume = {16},
    pages = {321--357}
}
@article{bergstra,
 author = {Bergstra, James and Bengio, Yoshua},
 title = {Random Search for Hyper-parameter Optimization},
 journal = {J. Mach. Learn. Res.},
 issue_date = {3/1/2012},
 volume = {13},
 month = feb,
 year = {2012},
 issn = {1532-4435},
 pages = {281--305},
 numpages = {25},
 url = {http://dl.acm.org/citation.cfm?id=2188385.2188395},
 acmid = {2188395},
 publisher = {JMLR.org},
 keywords = {deep learning, global optimization, model selection, neural networks, response surface modeling},
} 

@ARTICLE{Guyon03anintroduction,
    author = {Isabelle Guyon},
    title = {An introduction to variable and feature selection},
    journal = {Journal of Machine Learning Research},
    year = {2003},
    volume = {3},
    pages = {1157--1182}
}
@INPROCEEDINGS{Ng97preventingof,
    author = {Andrew Y. Ng},
    title = {Preventing "Overfitting" of Cross-Validation Data},
    booktitle = {In Proceedings of the Fourteenth International Conference on Machine Learning},
    year = {1997},
    pages = {245--253},
    publisher = {Morgan Kaufmann}
}
@INPROCEEDINGS{Caruana08anempirical,
    author = {Rich Caruana and Nikos Karampatziakis and Ainur Yessenalina},
    title = {An empirical evaluation of supervised learning in high dimensions},
    booktitle = {In International Conference on Machine Learning (ICML},
    year = {2008},
    pages = {96--103}
}
@INPROCEEDINGS{Breiman01randomforests,
    author = {Leo Breiman and E. Schapire},
    title = {Random forests},
    booktitle = {Machine Learning},
    year = {2001},
    pages = {5--32}
}

@book{gelman2007data,
  title={Data Analysis Using Regression and Multilevel/Hierarchical Models},
  author={Gelman, A. and Hill, J.},
  isbn={9780521686891},
  lccn={2006040566},
  series={Analytical Methods for Social Research},
  url={https://books.google.cl/books?id=lV3DIdV0F9AC},
  year={2007},
  publisher={Cambridge University Press}
}
@inbook{gelman2007missingdata,
author={Gelman, A. and Hill, J.},
chapter = {Missing-data imputation},
crossref = {Y}
}
@article{betancourt2005maquinas,
  title={Las máquinas de soporte vectorial (SVMs)},
  author={Betancourt, Gustavo A},
  journal={Scientia et Technica},
  volume={1},
  number={27},
  year={2005}
}
@article{powers2011evaluation,
  title={Evaluation: from precision, recall and F-measure to ROC, informedness, markedness and correlation},
  author={Powers, David Martin},
  year={2011},
  publisher={Bioinfo Publications}
}
@article{shafique2014comparative,
  title={A Comparative Study of Data Mining Process Models (KDD, CRISP-DM and SEMMA)},
  author={Shafique, Umair and Qaiser, Haseeb},
  journal={International Journal of Innovation and Scientific Research},
  volume={12},
  number={1},
  pages={217--222},
  year={2014},
  publisher={ISSR Journals}
}
@article{elkan2011nearest,
  title={Nearest neighbor classification},
  author={Elkan, Charles},
  journal={csucsd.edu, January},
  volume={11},
  pages={3},
  year={2011},
  publisher={Citeseer}
}
@article{breiman2001random,
  title={Random forests},
  author={Breiman, Leo},
  journal={Machine learning},
  volume={45},
  number={1},
  pages={5--32},
  year={2001},
  publisher={Springer}
}

@article{collins2002logistic,
  title={Logistic regression, AdaBoost and Bregman distances},
  author={Collins, Michael and Schapire, Robert E and Singer, Yoram},
  journal={Machine Learning},
  volume={48},
  number={1-3},
  pages={253--285},
  year={2002},
  publisher={Springer}
}

@incollection{schapire2003boosting,
  title={The boosting approach to machine learning: An overview},
  author={Schapire, Robert E},
  booktitle={Nonlinear estimation and classification},
  pages={149--171},
  year={2003},
  publisher={Springer}
}

@inproceedings{agrawal1994fast,
  title={Fast algorithms for mining association rules},
  author={Agrawal, Rakesh and Srikant, Ramakrishnan and others},
  booktitle={Proc. 20th int. conf. very large data bases, VLDB},
  volume={1215},
  pages={487--499},
  year={1994}
}

@book{pacheco2005eclat,
  title={Eclat: Automatic generation and classification of test inputs},
  author={Pacheco, Carlos and Ernst, Michael D},
  year={2005},
  publisher={Springer}
}

@article{pinho2010metodos,
  title={Métodos de clasificación basados en asociación aplicados a sistemas de recomendación},
  author={Pinho Lucas, Joel},
  year={2010},
  publisher={Universidad de Salamanca}
}

@ONLINE {usamafay,
    author = "Usama Fayyad, Gregory Piatetsky-Shapiro, and Padhraic Smyth",
    title  = "From Data Mining to Knowledge Discovery in Databases",
    year   = "1996",
    url    = "http://www.csd.uwo.ca/faculty/ling/cs435/fayyad.pdf"
}
@ONLINE {josegallardo,
    author = "José Gallardo",
    title  = "Metodología para el Metodología para el Desarrollo de Desarrollo de Proyectos en Proyectos en Minería de Datos Minería de Datos CRISP-DM CRISP-DM",
    url    = "http://oldemarrodriguez.com/yahoo_site_admin/assets/docs/Documento_CRISP-DM.2385037.pdf"
}
@ONLINE {datamining2010,
    author = "Gary M. Weiss, Brian D. Davison",
    title  = "Data Mining",
    year   = "2010",
    url    = "http://storm.cis.fordham.edu/~gweiss/papers/data-mining-chapter-2010.pdf"
}
@ONLINE {kdnuggets2014,
    author = "kdnuggets",
    title  = "CRISP-DM, still the top methodology for analytics, data mining, or data science projects",
    year   = "2014",
    url    = "http://www.kdnuggets.com/2014/10/crisp-dm-top-methodology-analytics-data-mining-data-science-projects.html"
}
@ONLINE {scikitlearn2014,
    author = "sci-kit learn",
    title  = "Classifier comparison",
    year   = "2014",
    url    = "http://scikit-learn.org/stable/auto_examples/classification/plot_classifier_comparison.html"
}
@ONLINE {dataclusreview,
    author = "A.K. JAIN,  M.N. MURTY, P.J. FLYNN",
    title  = "Data Clustering: A Review",
    url    = "http://eprints.iisc.ernet.in/273/1/p264-jain.pdf"
}
@ONLINE {dr.zdravkomarkov,
    author = "Dr. Zdravko Markov",
    title  = "Data preprocessing",
    url    = "http://www.cs.ccsu.edu/~markov/ccsu_courses/datamining-3.html"
}
@ONLINE {outlier1,
    title = "Ejemplo de Outliers",
    url   = "http://academic.uprm.edu/wrolke/esma3102/graphs/outlier1.png"
}
@ONLINE {uru.edu,
    author = "uru.edu",
    title  = "Regresión Logística",
    url    = "http://www.uru.edu/fondoeditorial/libros/pdf/manualdestatistix/cap10.pdf"
}
@ONLINE {preex,
    title = "Figura precisión y exhaustividad",
    url   = "https://upload.wikimedia.org/wikipedia/commons/thumb/2/26/Precisionrecall.svg/440px-Precisionrecall.svg.png"
}
@ONLINE {rominalaurabot2005,
    author = "Romina Laura Bot",
    title  = "Data Mining utilizando Redes Neuronales",
    year   = "2005",
    url    = "http://materias.fi.uba.ar/7500/bot-tesisdegradoingenieriainformatica.pdf"
}
@ONLINE {cs231n,
    author = "cs231n",
    title  = "Convolutional Neural Networks for Visual Recognition",
    url    = "http://cs231n.github.io/neural-networks-3/"
}